@Book{zarimpas2003,
  editor =	 {Zarimpas, N.},
  title =	 {Transparency in Nuclear Warheads and Materials},
  publisher =	 {Oxford University Press},
  year =	 2003
}

@TechReport{wuwen2004,
  author =	 {Zhao, W.},
  title =	 {{P}romoting {N}uclear {W}arhead {R}eductions:
                  {R}egimes, {A}pproaches and {T}echnologies},
  institution =	 {Center for International and Security Studies at
                  Maryland},
  year =	 2004
}

@Article{nuclearTamperSeals2001,
  author =	 {Johnston, R.~G.},
  title =	 {{T}amper-{I}ndicating {S}eals for {N}uclear
                  {D}isarmament and {H}azardous {W}aste {M}anagement},
  journal =	 {Science \& Global Security},
  year =	 2001,
  volume =	 9,
  pages =	 {93--112}
}

@Misc{equipmentIAEAinspectors2002,
  key =		 {{I}nternational {A}tomic {E}nergy {A}gency ({IAEA})},
  title =	 {{N}ew {S}afeguards {E}quipment {S}ystems: {T}eaming
                  {IAEA} {I}nspectors with {T}echnology},
  url =
                  {http://www.iaea.org/Publications/Booklets/TeamingInspectors/teaming_inspectors.pdf},
  year =	 2002,
  note =	 {[Accessed 29\textsuperscript{th} February 2012]}
}

@InProceedings{handbookSecBlunders2010,
  author =	 {Johnston, R.~G. and Warner, J.~S.},
  title =	 {{H}andbook of {S}ecurity {B}lunders},
  booktitle =	 {Proceedings of the 51\textsuperscript{st} Annual
                  INMM Meeting},
  year =	 2010
}

@Article{ellis2007,
  author =	 {Ellis, D.},
  title =	 {{A}dvancing {I}nternational {S}afeguards with
                  {S}trong {P}artnerships and {N}ew {T}echnologies},
  journal =	 {International Security News},
  year =	 2007,
  volume =	 7,
  number =	 1
}

@Book{IAEAsafeguards2011,
  author =	 {{I}nternational {A}tomic {E}nergy {A}gency ({IAEA})},
  title =	 {Safeguards Techniques and Equipment: 2011 Edition},
  publisher =	 {IAEA},
  year =	 2011,
  series =	 {International Nuclear Verification Series No.1
                  (Rev.2)}
}

@Article{vulnSecSeals1997,
  author =	 {Johnston, R.~G. and Garcia, A.~R.E.},
  title =	 {{V}ulnerability {A}ssessment of {S}ecurity {S}eals},
  journal =	 {Journal of Security Administration},
  year =	 1997,
  volume =	 20
}

@InProceedings{nuclearSafeguardsAndSec2005,
  author =	 {Johnston, R.~G. and others},
  title =	 {{N}uclear {S}afeguards and {S}ecurity: {W}e {C}an
                  {D}o {B}etter},
  booktitle =	 {Tenth International Conference on Environmental
                  Remediation and Radioactive Waste Management},
  year =	 2005
}

@Misc{insiderThreat2011,
  author =	 {Johnston, R.~G.},
  title =	 {{M}itigating the {I}nsider {T}hreat (and {O}ther
                  {S}ecurity {I}ssues)},
  url =
                  {http://www.ne.anl.gov/capabilities/vat/pdfs/Insider\%20Threat\%20and\%20Other\%20Security\%20Issues.pdf},
  year =	 2011,
  note =	 {[Accessed 4\textsuperscript{th} March 2012]}
}

@InProceedings{unconventionalCoC2010,
  author =	 {Johnston, R.~G. and Warner, J.~S.},
  title =	 {{U}nconventional {A}pproaches to {C}hain of
                  {C}ustody and {V}erification},
  booktitle =	 {Proceedings of the 51\textsuperscript{st} Annual
                  INMM Meeting},
  year =	 2010
}

@Misc{muonManual2005,
  author =	 {Coan, T.~E. and Ye, J.},
  title =	 {{M}uon {P}hysics {M}anual},
  url =		 {http://www.matphys.com/muon_manual.pdf},
  year =	 2005,
  note =	 {[Accessed 18\textsuperscript{th} February 2012]}
}

@Misc{PDG2011,
  author =	 {{Particle Data Group}},
  title =	 {{C}osmic {R}ays},
  url =
                  {http://pdg.lbl.gov/2011/reviews/rpp2011-rev-cosmic-rays.pdf},
  year =	 2011,
  note =	 {[Accessed 18\textsuperscript{th} February 2012]}
}

@Article{statisticalRec2007,
  author =	 {Schultz, L.~J. and others},
  title =	 {{S}tatistical {R}econstruction for {C}osmic {R}ay
                  {M}uon {T}omography},
  journal =	 {IEEE Transactions on Image Processing},
  year =	 2007,
  volume =	 16,
  number =	 8,
  pages =	 {1985--1993}
}

@Article{Borozdin2003,
  author =	 {Borozdin, K.~N. and others},
  title =	 {{R}adiographic {I}maging with {C}osmic-{R}ay
                  {M}uons},
  journal =	 {Nature},
  year =	 2003,
  volume =	 422,
  pages =	 277
}

@Article{Priedhorsky2003,
  author =	 {Priedhorsky, W.~C. and others},
  title =	 {{D}etection of {H}igh-{Z} {O}bjects {U}sing
                  {M}ultiple {S}cattering of {C}osmic {R}ay {M}uons},
  journal =	 {Review of Scientific Instruments},
  year =	 2003,
  volume =	 74,
  number =	 10,
  pages =	 {4294--4297}
}

@Article{imageRec2004,
  author =	 {Schultz, L.~J. and others},
  title =	 {{I}mage {R}econstruction and {M}aterial {Z}
                  {D}iscrimination via {C}osmic {R}ay {M}uon
                  {R}adiography},
  journal =	 {Nuclear Instruments and Methods in Physics Research
                  A},
  year =	 2004,
  volume =	 519,
  pages =	 {687--694}
}

@InProceedings{green2006,
  author =	 {Green, J.~A. and others},
  title =	 {{O}ptimizing the {T}racking {E}fficiency for
                  {C}osmic {R}ay {M}uon {T}omography},
  booktitle =	 {IEEE Nuclear Science Symposium Conference Record},
  pages =	 {285--288},
  year =	 2006
}

@Article{morris2008,
  author =	 {Morris, C.~L. and others},
  title =	 {{T}omographic {I}maging with {C}osmic {R}ay {M}uons},
  journal =	 {Science and Global Security},
  year =	 2008,
  volume =	 16,
  pages =	 {37--53}
}

@Article{pesente2009,
  author =	 {Pesente, S. and others},
  title =	 {{F}irst {R}esults on {M}aterial {I}dentification and
                  {I}maging with a {L}arge-{V}olume {M}uon
                  {T}omography {P}rototype},
  journal =	 {Nuclear Instruments and Methods in Physics Research
                  A},
  year =	 2009,
  volume =	 604,
  pages =	 {738--746}
}

@Misc{nichol,
  author =	 {Nichol, R.~J.},
  title =	 {{C}osmic {R}ay {E}xtensive {A}rea {M}apping for
                  {T}errorism {E}vasion {A}pplication ({CREAM TEA})
                  presentation},
  url =
                  {https://www.hep.ucl.ac.uk/~rjn/creamtea/creamteaTalk.pdf},
  year =	 2011,
  note =	 {[Accessed 20\textsuperscript{th} February 2012]}
}

@Book{hippel1990,
  author =	 {von Hippel, F.},
  editor =	 {Sagdeev, R.~Z.},
  title =	 {Reversing the Arms Race: How to Achieve and Verify
                  Deep Reductions in Nuclear Arsenals},
  publisher =	 {Gordon and Breach Science Publishers},
  year =	 1990
}

@TechReport{medalia2007,
  author =	 {Medalia, J.},
  title =	 {{D}etection of {N}uclear {W}eapons and {M}aterials:
                  {S}cience, {T}echnologies and {O}bservations},
  institution =	 {Congressional Research Service},
  year =	 2007
}

@Book{bushberg1994,
  author =	 {Bushberg, J.~T. and others},
  title =	 {The Essential Physics of Medical Imaging},
  publisher =	 {Lippincott Williams \& Wilkins},
  year =	 2002,
  edition =	 {2\textsuperscript{nd}}
}

@Misc{nuclearDetArch2009,
  title =	 {{M}odel {G}uidelines {D}ocument for {N}uclear
                  {D}etection {A}rchitectures},
  howpublished = {U.S. Department of Homeland Security Domestic
                  Nuclear Detection Office},
  url =
                  {http://paxpartnership.org/Knowledgebase/Attach/GICNT\%20Model\%20Guidelines\%20Document\%20-\%20FINAL\%20-Don\%20Parman.pdf},
  year =	 2009,
  note =	 {[Accessed 1\textsuperscript{st} March 2012]}
}

@TechReport{drell1993,
  author =	 {Drell, S. and others},
  title =	 {{V}erification of {D}ismantlement of {N}uclear
                  {W}arheads and {C}ontrols on {N}uclear {M}aterials},
  institution =	 {The MITRE Corporation},
  year =	 1993
}

@TechReport{drell1990,
  author =	 {Drell, S. and others},
  title =	 {{V}erifcation {T}echnology: {U}nclassified
                  {V}ersion},
  institution =	 {The MITRE Corporation},
  year =	 1990
}

@Misc{nuclearMatDet,
  author =	 {Ratec Group R\&D Division},
  title =	 {{S}pecial {N}uclear {M}aterials {D}etection},
  url =
                  {http://rateclab.com/technologies/special-nuclear-materials-detection/},
  year =	 2010,
  note =	 {[Accessed 1\textsuperscript{st} March 2012]}
}

@Misc{unoda,
  author =	 {{U}nited {N}ations {O}ffice for {D}isarmament
                  {A}ffairs ({UNODA})},
  title =	 {{T}reaty on the {N}on-{P}roliferation of {N}uclear
                  {W}eapons ({NPT})},
  url =		 {http://www.un.org/disarmament/WMD/Nuclear/NPT.shtml},
  note =	 {[Accessed 5\textsuperscript{th} February 2012]}
}

@Misc{burr2001,
  author =	 {Burr, W.},
  title =	 {{T}he {S}ecret {H}istory of {T}he {ABM} {T}reaty,
                  1969--1972},
  url =
                  {http://www.gwu.edu/~nsarchiv/NSAEBB/NSAEBB60/index.html},
  year =	 2001,
  note =	 {[Accessed 5\textsuperscript{th} February 2012]}
}

@Misc{startI,
  author =	 {Office of Treaty Compliance},
  title =	 {{S}trategic {A}rms {R}eduction {T}reaty ({START I}):
                  {E}xecutive {S}ummary},
  url =
                  {http://www.acq.osd.mil/tc/treaties/start1/execsum.htm},
  note =	 {[Accessed 5\textsuperscript{th} February 2012]}
}

@InProceedings{startII,
  author =	 {Pikayev, A. and Trenin, D.},
  title =	 {{START II} and {R}ussian {N}ational {S}ecurity},
  booktitle =	 {Proliferation Roundtable at the Carnegie Endowment
                  for International Peace},
  year =	 1998
}

@Misc{startIII,
  author =	 {{A}rms {C}ontrol {A}ssociation ({ACA})},
  title =	 {{T}he {START III} {F}ramework at a {G}lance},
  url =		 {http://www.armscontrol.org/factsheets/start3},
  year =	 2003,
  note =	 {[Accessed 13\textsuperscript{th} February 2012]}
}

@Misc{USRussia,
  title =	 {{T}reaty {B}etween the {U}nited {S}tates of
                  {A}merica and the {R}ussian {F}ederation on
                  {S}trategic {O}ffensive {R}eductions},
  howpublished = {Nuclear Age Peace Foundation},
  url =
                  {http://www.nuclearfiles.org/menu/library/treaties/strategic-offensive-reduction/trty_strategic-offensive-reduction_2002-05-24.htm},
  note =	 {[Accessed 17\textsuperscript{th} February 2012]}
}

@Misc{USAtoday,
  title =	 {{U.S.}--{R}ussia nuclear arms treaty finalized},
  howpublished = {USA Today/The Associated Press},
  year =	 2011
}

@TechReport{SUW2005,
  title =	 {{S}urface {W}arfare ({SUW}) {S}tudy},
  institution =	 {National Defense Industrial Association Strike, Land
                  Attack and Air Defense Division},
  year =	 2005
}

@Book{knuth1976,
  author =	 {Knuth, D.~E.},
  title =	 {The Art of Computer Programming},
  publisher =	 {Addison--Wesley},
  year =	 1973,
  volume =	 3
}

@InProceedings{deupree1981,
  author =	 {Deupree, R.~G. and others},
  title =	 {{CORRTEX}: {A} {C}ompact and {V}ersatile {S}ystem
                  for {T}ime {D}omain {R}eflectometry},
  booktitle =	 {27\textsuperscript{th} International Instrumentation
                  Symposium, Instrumentation for a Blast Environment
                  Session},
  year =	 1981
}

@Article{shultz2007,
  author =	 {Shultz, G.~P. and others},
  title =	 {{A} {W}orld {F}ree of {N}uclear {W}eapons},
  journal =	 {The Wall Street Journal},
  year =	 2007,
  pages =	 {A15},
  month =	 {4\textsuperscript{th} January}
}

@Misc{nucsafe,
  key =		 {Nucsafe},
  title =	 {Detectors},
  url =		 {http://www.nucsafe.com/cms/Detectors/42.html},
  note =	 {[Accessed 13\textsuperscript{th} March 2012]}
}

@Misc{uraniumEnrichment,
  author =	 {Goldsworthy, M.},
  title =	 {{I}nvestor {P}resentation},
  url =
                  {http://www.asx.com.au/asxpdf/20080410/pdf/318j6y3ctrzwqf.pdf},
  year =	 2008,
  note =	 {[Accessed 7\textsuperscript{th} March 2012]}
}

@Unpublished{dilutingUranium,
  author =	 {Snider, D.~J.},
  title =	 {{C}andidate {P}rocesses for {D}iluting the
                  \textsuperscript{235}{U} {I}sotope in
                  {Weapons-Capable} {H}ighly {E}nriched {U}ranium},
  url =
                  {http://www.osti.gov/bridge/servlets/purl/516051-exWmjV/webviewable/516051.pdf},
  note =	 {Preprint [Accessed 7\textsuperscript{th} March
                  2012]},
  year =	 1996
}

@Misc{dismantleBBC2009,
  title =	 {{H}ow to {D}ismantle a {N}uclear {B}omb},
  howpublished = {{BBC} News Channel},
  url =		 {http://news.bbc.co.uk/1/hi/8154029.stm},
  year =	 2009,
  note =	 {[Accessed 4\textsuperscript{th} March 2012]}
}

@Article{gerdes2001,
  author =	 {Gerdes, E.~R. and others},
  title =	 {{A} {P}roposed {A}pproach for {M}onitoring {N}uclear
                  {W}arhead {D}ismantlement},
  journal =	 {Science \& Global Security},
  year =	 2001,
  volume =	 9,
  pages =	 {113--141}
}

@Misc{ourMissionNNSA,
  author =	 {{N}ational {N}uclear {S}ecurity {A}dministration
                  ({NNSA})},
  title =	 {{O}ur {M}ission},
  url =		 {http://nnsa.energy.gov/ourmission},
  note =	 {[Accessed 4\textsuperscript{th} March 2012]}
}

@Misc{pantex2010,
  author =	 {{U}.{S}. {D}epartment of {E}nergy/ {N}ational
                  {N}uclear {S}ecurity {A}dministration {P}antex
                  {P}lant},
  title =	 {{N}uclear {W}eapons {D}ismantlement},
  url =
                  {http://www.pantex.com/ucm/groups/exweb/@exweb/@pr/documents/web_content/ex_doc_wpn_dismantle.pdf},
  year =	 2010,
  note =	 {[Accessed 4\textsuperscript{th} March 2012]}
}

@Misc{dismantlementNNSA,
  author =	 {{N}ational {N}uclear {S}ecurity {A}dministration
                  ({NNSA})},
  title =	 {{D}ismantlement and {D}isposition},
  url =
                  {http://nnsa.energy.gov/ourmission/managingthestockpile/dismantlementanddisposition},
  note =	 {[Accessed 4\textsuperscript{th} March 2012]}
}

@Misc{y12,
  author =	 {{Y}-12 {N}ational {S}ecurity {C}omplex},
  title =	 {{N}uclear {N}on-{P}roliferation},
  url =		 {http://www.y12.doe.gov/missions/nonproliferation/},
  note =	 {[Accessed 4\textsuperscript{th} March 2012]}
}

@Misc{blackmarket,
  author =	 {Borger, J.},
  title =	 {{N}uclear {B}omb {M}aterial {F}ound for {S}ale on
                  {G}eorgia {B}lack {M}arket},
  howpublished = {The Guardian},
  url =
                  {http://www.guardian.co.uk/world/2010/nov/07/nuclear-material-black-market-georgia},
  month =	 {November},
  year =	 2010,
  note =	 {[Accessed 20\textsuperscript{th} February 2012]}
}

@Misc{USspending,
  author =	 {Aftergood, S.},
  title =	 {{U}.{S}. {S}pending on {N}uclear {W}eapons {E}xceeds
                  \$52 {B}illion},
  howpublished = {Secrecy News},
  url =
                  {http://www.fas.org/blog/secrecy/2009/01/nuclear_spending.html},
  month =	 {January},
  year =	 2009,
  note =	 {[Accessed 20\textsuperscript{th} February 2012]}
}

@TechReport{worldSpending,
  author =	 {Blair, B.~G. and Brown, M.~A.},
  title =	 {{N}uclear {W}eapons {C}ost {S}tudy},
  institution =	 {Global Zero},
  year =	 2011
}

@Misc{worldSafe,
  title =	 {{M}aking the {W}orld {S}afe},
  url =
                  {http://www.ratical.org/co-globalize/WtWW/what17.html},
  note =	 {[Accessed 20\textsuperscript{th} February 2012]}
}

@Article{kopte1996,
  author =	 {Kopte, S. and others},
  title =	 {{T}he {C}ost of {D}isarmament: {D}ismantlement of
                  {W}eapons and the {D}isposal of {M}ilitary
                  {S}urplus},
  journal =	 {The Nonproliferation Review},
  year =	 1996,
  pages =	 {33--45}
}

@Misc{moxFuel,
  author =	 {{W}orld {N}uclear {A}ssociation},
  title =	 {{M}ixed {O}xide ({MOX}) {F}uel},
  url =		 {http://www.world-nuclear.org/info/inf29.html},
  year =	 2011,
  note =	 {[Accessed 8\textsuperscript{th} March 2012]}
}

@Article{feiveson2011,
  author =	 {Feiveson, H. and others},
  title =	 {{M}anaging {N}uclear {S}pent {F}uel: {P}olicy
                  {L}essons from a 10-{C}ountry {S}tudy},
  journal =	 {Bulletin of the Atomic Scientists},
  year =	 2011
}

@Article{nature2009,
  title =	 {{A}dieu to {N}uclear {R}ecycling},
  journal =	 {Nature},
  year =	 2009,
  volume =	 460,
  pages =	 152
}

@Misc{worldNuclearForces2011,
  author =	 {{F}ederation of {A}merican {S}cientists ({FAS})},
  title =	 {{S}tatus of {W}orld {N}uclear {F}orces},
  url =
                  {http://www.fas.org/programs/ssp/nukes/nuclearweapons/nukestatus.html},
  year =	 2011,
  note =	 {[Accessed 8\textsuperscript{th} March 2012]}
}

@Article{norris2010,
  author =	 {Norris , R.~S. and Kristensen, H.~M.},
  title =	 {{G}lobal {N}uclear {W}eapons {I}nventories,
                  1945--2010},
  journal =	 {Bulletin of the Atomic Scientists},
  year =	 2010,
  volume =	 66,
  number =	 4,
  pages =	 {77--83}
}

@Misc{statement2005,
  author =	 {Albar, Hon. S.~H.},
  title =	 {{S}tatement by the {H}on.~{S}yed {H}amid {A}lbar,
                  {M}inister of {F}oreign {A}ffairs of {M}alaysia},
  howpublished = {The General Debate of the 2005 Review Conference of
                  the Parties to Treaty on the Non-Proliferation of
                  Nuclear Weapons},
  url =
                  {http://www.un.org/en/conf/npt/2005/statements/npt02malaysia.pdf},
  year =	 2005,
  note =	 {[Accessed 8\textsuperscript{th} March 2012]}
}

@Misc{fissionBomb,
  url =
                  {http://www.teamdroid.com/img-2/gun-type_fission_weapon_en-labels_thin_linessvg.png},
  note =	 {[Accessed 8\textsuperscript{th} March 2012]}
}

@TechReport{cochran1995,
  author =	 {Cochran, T.~B. and Paine, C.~E.},
  title =	 {{T}he {A}mount of {P}lutonium and
                  {H}ighly-{E}nriched {U}ranium {N}eeded for {P}ure
                  {F}ission {N}uclear {W}eapons},
  institution =	 {Natural Resources Defence Council Inc.},
  year =	 1995
}

@Misc{howToMakeBomb,
  author =	 {Dorneanu, L.},
  title =	 {{H}ow to {M}ake an {A}tomic {B}omb},
  howpublished = {Softpedia},
  url =
                  {http://news.softpedia.com/news/How-To-Make-An-Atomic-Bomb-53392.shtml},
  year =	 2007,
  note =	 {[Accessed 8\textsuperscript{th} March 2012]}
}

@Misc{thermonuclearBomb,
  url =
                  {http://milaraki.com/blog/wp-content/uploads/2010/06/700px-W-88_warhead_detail-2.jpg},
  note =	 {[Accessed 8\textsuperscript{th} March 2012]}
}

@TechReport{IPFN2009,
  title =	 {{G}lobal {F}issile {M}aterial {R}eport 2009: {A}
                  {P}ath to {N}uclear {D}isarmament},
  institution =	 {{I}nternational {P}anel on {F}issile {M}aterials
                  ({IPFN})},
  year =	 2009
}

@InProceedings{wolford2000,
  author =	 {Wolford, Jr. , J.~K. and White, G.~K.},
  title =	 {{P}rogress in {G}amma {R}ay {M}easurement
                  {I}nformation {B}arriers for {N}uclear {M}aterial
                  {T}ransparency {M}onitoring},
  booktitle =	 {Institute of Nuclear Materials Management
                  41\textsuperscript{st} Annual Meeting},
  year =	 2000
}

@Article{matthew1998,
  author =	 {Bunn, M.},
  title =	 {``{P}it-{S}tuffing'': {H}ow to {D}isable {T}housands
                  of {W}arheads and {E}asily {V}erify {T}heir
                  {D}ismantlement},
  journal =	 {Federation of American Scientists Public Interest
                  Report},
  year =	 1998,
  volume =	 51,
  number =	 2,
  pages =	 {3--5}
}

@TechReport{IPFN2008,
  title =	 {{G}lobal {F}issile {M}aterial {R}eport 2008: {S}cope
                  and {V}erification of a {F}issile {M}aterial
                  ({C}utoff) {T}reaty},
  institution =	 {{I}nternational {P}anel on {F}issile {M}aterials
                  ({IPFN})},
  year =	 2008
}

@Article{depDoE1999,
  author =	 {Joint Department of Energy--Department of Defense
                  Information Barrier Working Group},
  title =	 {{T}he {F}unctional {R}equirements and {B}asis for
                  {I}nformation {B}arriers},
  journal =	 {Federation of American Scientists Public Interest
                  Report},
  year =	 1999,
  pages =	 11
}

@TechReport{welch2008,
  author =	 {Welch, L.~D. and others},
  title =	 {{N}uclear {W}eapons {I}nspections for the
                  {S}trategic {N}uclear {F}orces},
  institution =	 {Defence Science Board Permanent Task Force on
                  Nuclear Weapons Surety},
  year =	 2008
}

@Misc{VAT,
  key =		 {{V}ulnerability {A}ssessment {T}eam ({VAT})},
  title =	 {{A}bout {S}eals},
  url =
                  {http://www.ne.anl.gov/capabilities/vat/seals/index.html},
  year =	 2012,
  note =	 {[Accessed 2\textsuperscript{nd} March 2012]}
}

@Book{FeynmanJoking,
  author =	 {Feynman, R.~P.},
  title =	 {Surely You're Joking, Mr.~Feynman!},
  publisher =	 {W W Norton},
  year =	 1985
}

@Misc{iopBindingE,
  key = 	 {Institute of Physics (IOP)},
  title = 	 {{C}ontrolling {F}ission},
  url = 	 {http://tap.iop.org/atoms/fission/528/page_47281.html},
  year = 	 {2012},
  note = 	 {[Accessed 20\textsuperscript{th} March 2012]}
}

@TechReport{criticalityAccidents1967,
  author = 	 {},
  title = 	 {{A} {R}eview of {C}riticality {A}ccidents},
  institution =  {Los Alamos National Laboratory},
  year = 	 {1967}
}

@Misc{littleBoyAtomicArchive,
  key = 	 {Atomic Archive},
  title = 	 {{L}ittle {B}oy: {A} {G}un-{T}ype {B}omb},
  url = 	 {http://www.atomicarchive.com/Fission/Fission7.shtml},
  year = 	 {2011},
  note = 	 {[Accessed 20\textsuperscript{th} March 2012]}
}

@Misc{fatManAtomicArchive,
  key = 	 {Atomic Archive},
  title = 	 {{F}at {M}an: {A}n {I}mplosion-{T}ype {B}omb},
  url = 	 {http://www.atomicarchive.com/Fission/Fission9.shtml},
  year = 	 {2011},
  note = 	 {[Accessed 20\textsuperscript{th} March 2012]}
}

@Misc{tellerUlamAtomicArchive,
  key = 	 {Atomic Archive},
  title = 	 {{S}oviet {A}tomic {T}est {A}ccelerates {U.S.} {E}fforts},
  url = 	 {http://www.atomicarchive.com/History/hbomb/page_10.shtml},
  year = 	 {2011},
  note = 	 {[Accessed 20\textsuperscript{th} March 2012]}
}

@Article{TridentBallisticMissile1999NYTimes,
  author = 	 {Broad, W.~J.},
  journal = 	 {The New York Times},
  title = 	 {{S}pies {V}ersus {S}weat: {T}he {D}ebate {O}ver
                  {C}hina's {N}uclear {A}dvance},
  url = 	 {https://www.nytimes.com/library/world/asia/090799china-nuke.html},
  year = 	 {1999},
  note = 	 {[Accessed 20\textsuperscript{th} March 2012]}
}

@Article{deterrenceFail2008Guardian,
  author = 	 {Kuttab, D.},
  title = 	 {{T}he {F}ailure of {D}eterrence},
  journal = 	 {The Guardian},
  year = 	 {2008},
  url = 	 {http://www.guardian.co.uk/commentisfree/2008/mar/26/thefailureofdeterrence},
  note = 	 {[Accessed 20\textsuperscript{th} March 2012]}
}

@Article{zeroNuke2011Economist,
  author = 	 {},
  title = 	 {The growing appeal of zero},
  journal = 	 {The Economist},
  year = 	 {2011},
  url = 	 {http://www.economist.com/node/18836134},
  note = 	 {[Accessed 20\textsuperscript{th} March 2012]}
}

@Misc{deterrenceFail2011NAPF,
  author = 	 {Krieger, D.},
  title = 	 {{T}en {S}erious {F}laws in {N}uclear {D}eterrence
                  {T}heory},
  url = 	 {http://www.wagingpeace.org/articles/db_article.php?article_id=206},
  year = 	 {2011},
  note = 	 {[Accessed 20\textsuperscript{th} March 2012]}
}

@Article{detectNukeFetter1990,
  author = 	 {Fetter, S. and others},
  title = 	 {Detecting Nuclear Warheads},
  journal = 	 {Science \& Global Security},
  year = 	 {1990},
  volume = 	 {1},
  pages = 	 {225--302}
}

